% This file was created with JabRef 2.7.1.
% Encoding: UTF8

@ARTICLE{vStefavnak2016,
  author = {{\v{S}}tefa{\v{n}}{\'a}k, M and Skoup{\`y}, S},
  title = {Perfect state transfer by means of discrete-time quantum walk search
	algorithms on highly symmetric graphs},
  year = {2016},
  volume = {94},
  number = {2},
  pages = {022301},
  file = {:/home/fea/Dokumente/Diplomarbeit/Bibliography/Papers/PhysRevA.94.022301.pdf:PDF},
  journal = {Physical Review A},
  publisher = {APS}
}

@ARTICLE{Albanese2004,
  author = {Albanese, Claudio and Christandl, Matthias and Datta, Nilanjana and
	Ekert, Artur},
  title = {Mirror inversion of quantum states in linear registers},
  year = {2004},
  volume = {93},
  number = {23},
  pages = {230502},
  file = {:/home/fea/Dokumente/Diplomarbeit/Bibliography/Papers/PhysRevLett.93.230502.pdf:PDF},
  journal = {Physical review letters},
  publisher = {APS}
}

@ARTICLE{Andrist2016,
  author = {Andrist, Ruben S and Katzgraber, Helmut G and Bombin, H and Martin-Delgado,
	MA},
  title = {Error tolerance of topological codes with independent bit-flip and
	measurement errors},
  year = {2016},
  file = {:/home/fea/Dokumente/Diplomarbeit/Bibliography/Papers/1603.08729.pdf:PDF},
  journal = {arXiv preprint arXiv:1603.08729}
}

@ARTICLE{Araujo2014,
  author = {Ara{\'u}jo, Mateus and Feix, Adrien and Costa, Fabio and Brukner,
	{\v{C}}aslav},
  title = {Quantum circuits cannot control unknown operations},
  year = {2014},
  volume = {16},
  number = {9},
  pages = {093026},
  file = {:/home/fea/Dokumente/Diplomarbeit/Bibliography/Papers/1309.7976.pdf:PDF},
  journal = {New Journal of Physics},
  publisher = {IOP Publishing}
}

@ARTICLE{Aulbach2016,
  author = {Aulbach, Julian and Erwin, Steven C and Claessen, Ralph and Schäfer,
	J},
  title = {Spin chains and electron transfer at stepped silicon surfaces},
  year = {2016},
  volume = {16},
  number = {4},
  pages = {2698--2704},
  file = {:/home/fea/Dokumente/Diplomarbeit/Bibliography/Papers/acs%2Enanolett%2E6b00354.pdf:PDF},
  journal = {Nano letters},
  publisher = {ACS Publications}
}

@ARTICLE{Basic2011,
  author = {Basic, Milan},
  title = {Characterization of circulant graphs having perfect state transfer},
  year = {2011},
  file = {:/home/fea/Dokumente/Diplomarbeit/Bibliography/Papers/1104.1825v1.pdf:PDF},
  journal = {arXiv preprint arXiv:1104.1825}
}

@INPROCEEDINGS{Beals2013,
  author = {Beals, Robert and Brierley, Stephen and Gray, Oliver and Harrow,
	Aram W and Kutin, Samuel and Linden, Noah and Shepherd, Dan and Stather,
	Mark},
  title = {Efficient distributed quantum computing},
  booktitle = {Proc. R. Soc. A},
  year = {2013},
  volume = {469},
  number = {2153},
  organization = {The Royal Society},
  pages = {20120686},
  file = {:/home/fea/Dokumente/Diplomarbeit/Bibliography/Papers/20120686.full.pdf:PDF}
}

@ARTICLE{Bennett2004,
  author = {Bennett, C and Bethune, D and Brassard, G and Donnangelo, N and Ekert,
	A and Elliott, C and Franson, J and Fuchs, C and Goodman, M and Hughes,
	R and others},
  title = {A Quantum Information Science and Technology Roadmap},
  year = {2004},
  volume = {2},
  pages = {12},
  file = {:/home/fea/Dokumente/Diplomarbeit/Bibliography/Papers/qc_roadmap.pdf:PDF},
  journal = {Part}
}

@ARTICLE{Bernasconi2008,
  author = {Bernasconi, Anna and Godsil, Chris and Severini, Simone},
  title = {Quantum networks on cubelike graphs},
  year = {2008},
  volume = {78},
  number = {5},
  pages = {052320},
  file = {:/home/fea/Dokumente/Diplomarbeit/Bibliography/Papers/PhysRevA.78.052320.pdf:PDF},
  journal = {Physical Review A},
  publisher = {APS}
}

@ARTICLE{Boixo2016,
  author = {Boixo, Sergio and Isakov, Sergei V and Smelyanskiy, Vadim N and Babbush,
	Ryan and Ding, Nan and Jiang, Zhang and Martinis, John M and Neven,
	Hartmut},
  title = {Characterizing quantum supremacy in near-term devices},
  year = {2016},
  file = {:/home/fea/Dokumente/Diplomarbeit/Bibliography/Papers/1608.00263v2.pdf:PDF},
  journal = {arXiv preprint arXiv:1608.00263}
}

@ARTICLE{Bose2003,
  author = {Bose, Sougato},
  title = {Quantum communication through an unmodulated spin chain},
  year = {2003},
  volume = {91},
  number = {20},
  pages = {207901},
  file = {:/home/fea/Dokumente/Diplomarbeit/Bibliography/Papers/PhysRevLett.91.207901.pdf:PDF},
  journal = {Physical review letters},
  publisher = {APS}
}

@INCOLLECTION{Bose2014,
  author = {Bose, Sougato and Bayat, Abolfazl and Sodano, Pasquale and Banchi,
	Leonardo and Verrucchi, Paola},
  title = {Spin Chains as Data Buses, Logic Buses and Entanglers},
  booktitle = {Quantum State Transfer and Network Engineering},
  year = {2014},
  publisher = {Springer},
  pages = {1--37},
  file = {:/home/fea/Dokumente/Diplomarbeit/Bibliography/Papers/chapter1.pdf:PDF}
}

@ARTICLE{Brandt2009,
  author = {Brandt, Howard E},
  title = {Riemannian geometry of quantum computation},
  year = {2009},
  volume = {71},
  number = {12},
  pages = {e474--e486},
  file = {:/home/fea/Dokumente/Diplomarbeit/Bibliography/Papers/brandt_notes.pdf:PDF},
  journal = {Nonlinear Analysis: Theory, Methods \& Applications},
  publisher = {Elsevier}
}

@ARTICLE{Burgarth2005,
  author = {Burgarth, Daniel and Bose, Sougato},
  title = {Conclusive and arbitrarily perfect quantum-state transfer using parallel
	spin-chain channels},
  year = {2005},
  volume = {71},
  number = {5},
  pages = {052315},
  file = {:/home/fea/Dokumente/Diplomarbeit/Bibliography/Papers/PhysRevA.71.052315.pdf:PDF},
  journal = {Physical Review A},
  publisher = {APS}
}

@ARTICLE{Burgarth2005a,
  author = {Burgarth, Daniel and Giovannetti, Vittorio and Bose, Sougato},
  title = {Efficient and perfect state transfer in quantum chains},
  year = {2005},
  volume = {38},
  number = {30},
  pages = {6793},
  file = {:/home/fea/Dokumente/Diplomarbeit/Bibliography/Papers/0410175.pdf:PDF},
  journal = {Journal of Physics A: Mathematical and General},
  publisher = {IOP Publishing}
}

@ARTICLE{Chen1999,
  author = {Chen, Rongqing and Guo, Hua},
  title = {The Chebyshev propagator for quantum systems},
  year = {1999},
  volume = {119},
  number = {1},
  pages = {19--31},
  file = {:/home/fea/Dokumente/Diplomarbeit/Bibliography/Papers/guochebyshev.pdf:PDF},
  journal = {Computer physics communications},
  publisher = {Elsevier}
}

@ARTICLE{Cheung2011,
  author = {Cheung, Wang-Chi and Godsil, Chris},
  title = {Perfect state transfer in cubelike graphs},
  year = {2011},
  volume = {435},
  number = {10},
  pages = {2468--2474},
  file = {:/home/fea/Dokumente/Diplomarbeit/Bibliography/Papers/0806.2074v2.pdf:PDF},
  journal = {Linear Algebra and its Applications},
  publisher = {Elsevier}
}

@ARTICLE{Childs,
  author = {Childs, Andrew M and Cleve, Richard and Deotto, Enrico and Farhi,
	Edward and Gutmann, Sam and Spielman, Daniel A},
  title = {Quantum Physics Title: Exponential algorithmic speedup by quantum
	walk},
  file = {:/home/fea/Dokumente/Diplomarbeit/Bibliography/Papers/0209131v2.pdf:PDF}
}

@ARTICLE{Christandl2005,
  author = {Christandl, Matthias and Datta, Nilanjana and Dorlas, Tony C and
	Ekert, Artur and Kay, Alastair and Landahl, Andrew J},
  title = {Perfect transfer of arbitrary states in quantum spin networks},
  year = {2005},
  volume = {71},
  number = {3},
  pages = {032312},
  file = {:/home/fea/Dokumente/Diplomarbeit/Bibliography/Papers/PhysRevA.71.032312.pdf:PDF},
  journal = {Physical Review A},
  publisher = {APS}
}

@ARTICLE{Christandl2004,
  author = {Christandl, Matthias and Datta, Nilanjana and Ekert, Artur and Landahl,
	Andrew J},
  title = {Perfect state transfer in quantum spin networks},
  year = {2004},
  volume = {92},
  number = {18},
  pages = {187902},
  file = {:/home/fea/Dokumente/Diplomarbeit/Bibliography/Papers/PhysRevLett.92.187902.pdf:PDF},
  journal = {Physical review letters},
  publisher = {APS}
}

@ARTICLE{Chu2001,
  author = {Chu, Moody T},
  title = {Inverse eigenvalue problems: theory and applications},
  year = {2001},
  file = {:/home/fea/Dokumente/Diplomarbeit/Bibliography/Papers/Main_2_inv_ev_prob.pdf:PDF},
  journal = {A series of lectures presented at IRMA, CRN, Bari, Italy}
}

@ARTICLE{Chu2002,
  author = {Chu, Moody T and Golub, Gene H},
  title = {Structured inverse eigenvalue problems},
  year = {2002},
  volume = {11},
  number = {0},
  pages = {1--71},
  file = {:/home/fea/Dokumente/Diplomarbeit/Bibliography/Papers/chugol.pdf:PDF},
  journal = {Acta Numerica},
  publisher = {Cambridge Univ Press}
}

@WWW{Computing2017,
  author = {IBM Quantum Computing},
  title = {IBM Quantum Experience 2.0},
  year = {2017},
  url = {https://quantumexperience.ng.bluemix.net/qstage/#/community},
  timestamp = {2017.01.13}
}

@INCOLLECTION{Coolen1998,
  author = {Coolen, ACC},
  title = {A beginner’s guide to the mathematics of neural networks},
  booktitle = {Concepts for Neural Networks},
  year = {1998},
  publisher = {Springer},
  pages = {13--70},
  file = {:/home/fea/Dokumente/Diplomarbeit/Bibliography/Papers/10.1.1.161.3556.pdf:PDF}
}

@ARTICLE{Denchev2015,
  author = {Denchev, Vasil S and Boixo, Sergio and Isakov, Sergei V and Ding,
	Nan and Babbush, Ryan and Smelyanskiy, Vadim and Martinis, John and
	Neven, Hartmut},
  title = {What is the Computational Value of Finite Range Tunneling?},
  year = {2015},
  file = {:/home/fea/Dokumente/Diplomarbeit/Bibliography/Papers/1512.02206v4.pdf:PDF},
  journal = {arXiv preprint arXiv:1512.02206}
}

@ARTICLE{Devitt2013,
  author = {Devitt, Simon J and Munro, William J and Nemoto, Kae},
  title = {Quantum error correction for beginners},
  year = {2013},
  volume = {76},
  number = {7},
  pages = {076001},
  file = {:/home/fea/Dokumente/Diplomarbeit/Bibliography/Papers/rpp13_7_076001.pdf:PDF},
  journal = {Reports on Progress in Physics},
  publisher = {IOP Publishing}
}

@ARTICLE{Dinnebier2002,
  author = {Dinnebier, Robert and Lerner, Hans-Wolfram and Ding, Li and Shankland,
	Kenneth and David, William IF and Stephens, Peter W and Wagner, Matthias},
  title = {One-Dimensional Spin Chains from CuII Ions and 2, 5-Bis (pyrazol-1-yl)-1,
	4-dihydroxybenzene},
  year = {2002},
  volume = {628},
  number = {1},
  pages = {310--314},
  file = {:/home/fea/Dokumente/Diplomarbeit/Bibliography/Papers/Cu_chain_paper.pdf:PDF},
  journal = {Zeitschrift Fur Anorganische Und Allgemeine Chemie}
}

@INCOLLECTION{Ezhov2000,
  author = {Ezhov, Alexandr A and Ventura, Dan},
  title = {Quantum neural networks},
  booktitle = {Future directions for intelligent systems and information sciences},
  year = {2000},
  publisher = {Springer},
  pages = {213--235},
  file = {:/home/fea/Dokumente/Diplomarbeit/Bibliography/Papers/Ezhov1.pdf:PDF;:/home/fea/Dokumente/Diplomarbeit/Bibliography/Papers/Main_2_inv_ev_prob.ps:PostScript}
}

@ARTICLE{Fan2013,
  author = {Fan, Xiaoxia and Godsil, Chris},
  title = {Pretty good state transfer on double stars},
  year = {2013},
  volume = {438},
  number = {5},
  pages = {2346--2358},
  file = {:/home/fea/Dokumente/Diplomarbeit/Bibliography/Papers/1206.0082.pdf:PDF},
  journal = {Linear Algebra and Its Applications},
  publisher = {Elsevier}
}

@ARTICLE{Feder2006,
  author = {Feder, David L},
  title = {Perfect quantum state transfer with spinor bosons on weighted graphs},
  year = {2006},
  volume = {97},
  number = {18},
  pages = {180502},
  file = {:/home/fea/Dokumente/Diplomarbeit/Bibliography/Papers/0606065v1.pdf:PDF},
  journal = {Physical review letters},
  publisher = {APS}
}

@ARTICLE{Flitney2002,
  author = {Flitney, Adrian P and Abbott, Derek},
  title = {Quantum version of the Monty Hall problem},
  year = {2002},
  volume = {65},
  number = {6},
  pages = {062318},
  file = {:/home/fea/Dokumente/Diplomarbeit/Bibliography/Papers/0109035.pdf:PDF},
  journal = {Physical Review A},
  publisher = {APS}
}

@ARTICLE{Godsil2012,
  author = {Godsil, Chris},
  title = {State transfer on graphs},
  year = {2012},
  volume = {312},
  number = {1},
  pages = {129--147},
  file = {:/home/fea/Dokumente/Diplomarbeit/Bibliography/Papers/1102.4898.pdf:PDF},
  journal = {Discrete Mathematics},
  publisher = {Elsevier}
}

@ARTICLE{Godsil2010,
  author = {Godsil, Chris},
  title = {When can perfect state transfer occur?},
  year = {2010},
  file = {:/home/fea/Dokumente/Diplomarbeit/Bibliography/Papers/vol23_pp877-890.pdf:PDF},
  journal = {arXiv preprint arXiv:1011.0231}
}

@ARTICLE{Gorohovsky2015,
  author = {Gorohovsky, Gregory and Pereira, Rodrigo G and Sela, Eran},
  title = {Chiral spin liquids in arrays of spin chains},
  year = {2015},
  volume = {91},
  number = {24},
  pages = {245139},
  file = {:/home/fea/Dokumente/Diplomarbeit/Bibliography/Papers/SCF_RodrigoPereira_Aug18_2015.pdf:PDF},
  journal = {Physical Review B},
  publisher = {APS}
}

@BOOK{Harris2008,
  author = {Harris, John Michael and Hirst, Jeffry L and Mossinghoff, Michael
	J},
  title = {Combinatorics and graph theory},
  year = {2008},
  volume = {2},
  publisher = {Springer},
  file = {:/home/fea/Dokumente/Diplomarbeit/Bibliography/Papers/CGT_early.pdf:PDF}
}

@ARTICLE{Hartmann2007,
  author = {Hartmann, Lorenz and Calsamiglia, J and D{\"u}r, W and Briegel, HJ},
  title = {Weighted graph states and applications to spin chains, lattices and
	gases},
  year = {2007},
  volume = {40},
  number = {9},
  pages = {S1},
  file = {:/home/fea/Dokumente/Diplomarbeit/Bibliography/Papers/document.pdf:PDF},
  journal = {Journal of Physics B: Atomic, Molecular and Optical Physics},
  publisher = {IOP Publishing}
}

@PHDTHESIS{Hoff2013,
  author = {Hoff, Matthew},
  title = {Quantum Programming in Python},
  year = {2013},
  file = {:/home/fea/Dokumente/Diplomarbeit/Bibliography/Papers/Quantum Programming in Python_ Quantum 1D Simple Harmonic Oscilla.pdf:PDF},
  school = {California Polytechnic State University, San Luis Obispo}
}

@ARTICLE{Horodecki1999,
  author = {Horodecki, Micha{\l} and Horodecki, Pawe{\l} and Horodecki, Ryszard},
  title = {General teleportation channel, singlet fraction, and quasidistillation},
  year = {1999},
  volume = {60},
  number = {3},
  pages = {1888},
  file = {:/home/fea/Dokumente/Diplomarbeit/Bibliography/Papers/PhysRevA.60.1888.pdf:PDF},
  journal = {Physical Review A},
  publisher = {APS}
}

@ARTICLE{Hutton2004,
  author = {Hutton, A and Bose, S},
  title = {Ground state entanglement in a combination of star and ring geometries
	of interacting spins},
  year = {2004},
  file = {:/home/fea/Dokumente/Diplomarbeit/Bibliography/Papers/0408077v1.pdf:PDF},
  journal = {arXiv preprint quant-ph/0408077}
}

@ARTICLE{Hutton2004a,
  author = {Hutton, A and Bose, S},
  title = {Mediated entanglement and correlations in a star network of interacting
	spins},
  year = {2004},
  volume = {69},
  number = {4},
  pages = {042312},
  file = {:/home/fea/Dokumente/Diplomarbeit/Bibliography/Papers/PhysRevA.69.042312.pdf:PDF},
  journal = {Physical Review A},
  publisher = {APS}
}

@WWW{Inc.2016,
  author = {D-Wave Systems Inc.},
  title = {D-Wave 2X[TM] Quantum Computer Technology Overview},
  year = {2016},
  url = {http://www.dwavesys.com/sites/default/files/D-Wave%202X%20Tech%20Collateral_1016F_0.pdf},
  file = {D-Wave 2X Quantum Computer Technology Overview:/home/fea/Dokumente/Diplomarbeit/Bibliography/Papers/D-Wave 2X Tech Collateral_1016F_0.pdf:PDF},
  timestamp = {2017.01.13}
}

@ARTICLE{Janicke2010,
  author = {Janicke, Stefan and Heine, Christian and Hellmuth, Marc and Stadler,
	Peter F and Scheuermann, Gerik},
  title = {Visualization of graph products},
  year = {2010},
  volume = {16},
  number = {6},
  pages = {1082--1089},
  file = {:/home/fea/Dokumente/Diplomarbeit/Bibliography/Papers/Visualization_of_Graph_Products.pdf:PDF},
  journal = {IEEE transactions on visualization and computer graphics},
  publisher = {IEEE}
}

@ARTICLE{Kaplan2016,
  author = {Kaplan, Marc and Leurent, Ga{\"e}tan and Leverrier, Anthony and Naya-Plasencia,
	Mar{\'\i}a},
  title = {Breaking Symmetric Cryptosystems using Quantum Period Finding},
  year = {2016},
  file = {:/home/fea/Dokumente/Diplomarbeit/Bibliography/Papers/1602.05973.pdf:PDF},
  journal = {arXiv preprint arXiv:1602.05973}
}

@ARTICLE{Karbach2005,
  author = {Karbach, Peter and Stolze, Joachim},
  title = {Spin chains as perfect quantum state mirrors},
  year = {2005},
  volume = {72},
  number = {3},
  pages = {030301},
  file = {:/home/fea/Dokumente/Diplomarbeit/Bibliography/Papers/PRA_72_030301.pdf:PDF},
  journal = {Physical Review A},
  publisher = {APS}
}

@ARTICLE{Kay2011,
  author = {Kay, Alastair},
  title = {Basics of perfect communication through quantum networks},
  year = {2011},
  volume = {84},
  number = {2},
  pages = {022337},
  file = {:/home/fea/Dokumente/Diplomarbeit/Bibliography/verynewrefs/1102.2338v2.pdf:PDF},
  journal = {Physical Review A},
  publisher = {APS}
}

@ARTICLE{Kay2010,
  author = {Kay, Alastair},
  title = {Perfect, efficient, state transfer and its application as a constructive
	tool},
  year = {2010},
  volume = {8},
  number = {04},
  pages = {641--676},
  file = {:/home/fea/Dokumente/Diplomarbeit/Bibliography/Papers/0903.4274v3.pdf:PDF},
  journal = {International Journal of Quantum Information},
  publisher = {World Scientific}
}

@ARTICLE{Kay2006,
  author = {Kay, Alastair},
  title = {Perfect state transfer: Beyond nearest-neighbor couplings},
  year = {2006},
  volume = {73},
  number = {3},
  pages = {032306},
  file = {:/home/fea/Dokumente/Diplomarbeit/Bibliography/Papers/PhysRevA.73.032306.pdf:PDF},
  journal = {Physical Review A},
  publisher = {APS}
}

@ARTICLE{Kempton2016,
  author = {Kempton, Mark and Lippner, Gabor and Yau, Shing-Tung},
  title = {Perfect state transfer on graphs with a potential},
  year = {2016},
  file = {:/home/fea/Dokumente/Diplomarbeit/Bibliography/Papers/1611.02093v1.pdf:PDF},
  journal = {arXiv preprint arXiv:1611.02093}
}

@ARTICLE{Korbicz2006,
  author = {Korbicz, JK and Lewenstein, M},
  title = {Group-theoretical approach to entanglement},
  year = {2006},
  volume = {74},
  number = {2},
  pages = {022318},
  file = {:/home/fea/Dokumente/Diplomarbeit/Bibliography/Papers/0601189v3.pdf:PDF},
  journal = {Physical Review A},
  publisher = {APS}
}

@ARTICLE{Korzh2015,
  author = {Korzh, Boris and Lim, Charles Ci Wen and Houlmann, Raphael and Gisin,
	Nicolas and Li, Ming Jun and Nolan, Daniel and Sanguinetti, Bruno
	and Thew, Rob and Zbinden, Hugo},
  title = {Provably secure and practical quantum key distribution over 307 km
	of optical fibre},
  journaltitle = {Nature Photonics},
  year = {2015},
  volume = {9},
  issue = {3},
  month = {03},
  pages = {163-168},
  issn = {1749-4885},
  url = {http://dx.doi.org/10.1038/nphoton.2014.327}
}

@ARTICLE{Kostak2007,
  author = {Kostak, V and Nikolopoulos, GM and Jex, I},
  title = {Perfect state transfer in networks of arbitrary topology and coupling
	configuration},
  year = {2007},
  volume = {75},
  number = {4},
  pages = {042319},
  file = {:/home/fea/Dokumente/Diplomarbeit/Bibliography/Papers/75_042319.pdf:PDF},
  journal = {Physical Review A},
  publisher = {APS}
}

@ARTICLE{LInnocente2009,
  author = {L'Innocente, Sonia and Lupo, Cosmo and Mancini, Stefano},
  title = {Quantum state transfer in a q-deformed chain},
  year = {2009},
  volume = {42},
  number = {47},
  pages = {475305},
  file = {:/home/fea/Dokumente/Diplomarbeit/Bibliography/Papers/0812.0891.pdf:PDF},
  journal = {Journal of Physics A: Mathematical and Theoretical},
  publisher = {IOP Publishing}
}

@ARTICLE{Landahl,
  author = {Landahl, Andrew and Christandl, Matthias and Datta, Nilanjana and
	Ekert, Artur},
  title = {Quantum computing with spin networks},
  file = {:/home/fea/Dokumente/Diplomarbeit/Bibliography/Papers/qcmc2004_landahl.pdf:PDF}
}

@ARTICLE{Latorre2003,
  author = {Latorre, Jos{\'e} Ignacio and Rico, Enrique and Vidal, Guifr{\'e}},
  title = {Ground state entanglement in quantum spin chains},
  year = {2003},
  file = {:/home/fea/Dokumente/Diplomarbeit/Bibliography/Papers/0304098v4.pdf:PDF},
  journal = {arXiv preprint quant-ph/0304098}
}

@ARTICLE{Marchukov2016,
  author = {Marchukov, Oleksandr V and Volosniev, AG and Valiente, M and Petrosyan,
	D and Zinner, NT},
  title = {Quantum spin transistor with a Heisenberg spin chain},
  year = {2016},
  volume = {7},
  file = {:/home/fea/Dokumente/Diplomarbeit/Bibliography/Papers/ncomms13070.pdf:PDF},
  journal = {Nature communications},
  publisher = {Nature Publishing Group}
}

@ARTICLE{Nielsen1997,
  author = {Nielsen, Michael A and Chuang, Isaac L},
  title = {Programmable quantum gate arrays},
  year = {1997},
  volume = {79},
  number = {2},
  pages = {321},
  file = {:/home/fea/Dokumente/Diplomarbeit/Bibliography/Papers/PhysRevLett.79.321.pdf:PDF},
  journal = {Physical Review Letters},
  publisher = {APS}
}

@ARTICLE{Nielsen2006,
  author = {Nielsen, Michael A and Dowling, Mark R and Gu, Mile and Doherty,
	Andrew C},
  title = {Quantum computation as geometry},
  year = {2006},
  volume = {311},
  number = {5764},
  pages = {1133--1135},
  file = {:/home/fea/Dokumente/Diplomarbeit/Bibliography/Papers/1133.full.pdf:PDF},
  journal = {Science},
  publisher = {American Association for the Advancement of Science}
}

@ARTICLE{Nikolopoulos2004,
  author = {Nikolopoulos, Georgios M and Petrosyan, David and Lambropoulos, P},
  title = {Electron wavepacket propagation in a chain of coupled quantum dots},
  year = {2004},
  volume = {16},
  number = {28},
  pages = {4991},
  file = {:/home/fea/Dokumente/Diplomarbeit/Bibliography/Papers/cm4_28_019.pdf:PDF},
  journal = {Journal of Physics: Condensed Matter},
  publisher = {IOP Publishing}
}

@ARTICLE{Osborne2004,
  author = {Osborne, Tobias J and Linden, Noah},
  title = {Propagation of quantum information through a spin system},
  year = {2004},
  volume = {69},
  number = {5},
  pages = {052315},
  file = {:/home/fea/Dokumente/Diplomarbeit/Bibliography/Papers/PhysRevA.69.052315.pdf:PDF},
  journal = {Physical Review A},
  publisher = {APS}
}

@ARTICLE{Pemberton-Ross2011,
  author = {Pemberton-Ross, Peter J and Kay, Alastair},
  title = {Perfect quantum routing in regular spin networks},
  year = {2011},
  volume = {106},
  number = {2},
  pages = {020503},
  file = {:/home/fea/Dokumente/Diplomarbeit/Bibliography/Papers/1007.2786v2.pdf:PDF},
  journal = {Physical review letters},
  publisher = {APS}
}

@ARTICLE{Peng2008,
  author = {Peng, Xinhua and Liao, Zeyang and Xu, Nanyang and Qin, Gan and Zhou,
	Xianyi and Suter, Dieter and Du, Jiangfeng},
  title = {Quantum adiabatic algorithm for factorization and its experimental
	implementation},
  year = {2008},
  volume = {101},
  number = {22},
  pages = {220405},
  file = {:/home/fea/Dokumente/Diplomarbeit/Bibliography/Papers/PhysRevLett.101.220405.pdf:PDF},
  journal = {Physical review letters},
  publisher = {APS}
}

@ARTICLE{Plastina2007,
  author = {Plastina, Francesco and Apollaro, Tony JG},
  title = {Local control of entanglement in a spin chain},
  year = {2007},
  volume = {99},
  number = {17},
  pages = {177210},
  file = {:/home/fea/Dokumente/Diplomarbeit/Bibliography/Papers/PhysRevLett.99.177210.pdf:PDF},
  journal = {Physical review letters},
  publisher = {APS}
}

@ARTICLE{Rafiee2013,
  author = {Rafiee, Morteza and Lupo, Cosmo and Mancini, Stefano},
  title = {Noise to lubricate qubit transfer in a spin network},
  year = {2013},
  volume = {88},
  number = {3},
  pages = {032325},
  file = {:/home/fea/Dokumente/Diplomarbeit/Bibliography/Papers/1307.3465v2.pdf:PDF},
  journal = {Physical Review A},
  publisher = {APS}
}

@ARTICLE{Sabidussi1959,
  author = {Sabidussi, Gert},
  title = {Graph multiplication},
  year = {1959},
  volume = {72},
  number = {1},
  pages = {446--457},
  file = {:/home/fea/Dokumente/Diplomarbeit/Bibliography/Papers/art%3A10.1007%2FBF01162967.pdf:PDF},
  journal = {Mathematische Zeitschrift},
  publisher = {Springer}
}

@ARTICLE{Schwinger1951,
  author = {Schwinger, Julian},
  title = {The Theory of Quantized Fields. I},
  year = {1951},
  volume = {82},
  issue = {6},
  month = {Jun},
  pages = {914--927},
  doi = {10.1103/PhysRev.82.914},
  url = {http://link.aps.org/doi/10.1103/PhysRev.82.914},
  journal = {Phys. Rev.},
  numpages = {0},
  publisher = {American Physical Society}
}

@MISC{Staples-Moore,
  author = {Staples-Moore, Alexander},
  title = {Equitable partitions in graph theory},
  file = {:/home/fea/Dokumente/Diplomarbeit/Bibliography/Papers/StaplesMoore.pdf:PDF}
}

@INCOLLECTION{Stolze2014,
  author = {Stolze, Joachim and {\'A}lvarez, Gonzalo A and Osenda, Omar and Zwick,
	Analia},
  title = {Robustness of spin-chain state-transfer schemes},
  booktitle = {Quantum State Transfer and Network Engineering},
  year = {2014},
  publisher = {Springer},
  pages = {149--182},
  file = {:/home/fea/Dokumente/Diplomarbeit/Bibliography/Papers/js7.pdf:PDF}
}

@ARTICLE{Subrahmanyam2004,
  author = {Subrahmanyam, V},
  title = {Entanglement dynamics and quantum-state transport in spin chains},
  year = {2004},
  volume = {69},
  number = {3},
  pages = {034304},
  file = {:/home/fea/Dokumente/Diplomarbeit/Bibliography/Papers/PhysRevA.69.034304.pdf:PDF},
  journal = {Physical Review A},
  publisher = {APS}
}

@ARTICLE{TorranceJr1969,
  author = {Torrance Jr, JB and Tinkham, M},
  title = {Magnon bound states in anisotropic linear chains},
  year = {1969},
  volume = {187},
  number = {2},
  pages = {587},
  file = {:/home/fea/Dokumente/Diplomarbeit/Bibliography/Papers/PhysRev.187.587.pdf:PDF},
  journal = {Physical Review},
  publisher = {APS}
}

@ARTICLE{Vuletic2006,
  author = {Vuleti{\'c}, Tomislav and Korin-Hamzi{\'c}, Bojana and Ivek, Tomislav
	and Tomi{\'c}, Silvia and Gorshunov, Boris and Dressel, Martin and
	Akimitsu, J},
  title = {The spin-ladder and spin-chain system (La, Y, Sr, Ca) 14 Cu 24 O
	41: electronic phases, charge and spin dynamics},
  year = {2006},
  volume = {428},
  number = {4},
  pages = {169--258},
  file = {:/home/fea/Dokumente/Diplomarbeit/Bibliography/Papers/248654.Physics_Reports_on-line_version.pdf:PDF},
  journal = {Physics Reports},
  publisher = {Elsevier}
}

@ARTICLE{Wang2013,
  author = {Wang, Jian-Yu and Yang, Bin and Liao, Sheng-Kai and Zhang, Liang
	and Shen, Qi and Hu, Xiao-Fang and Wu, Jin-Cai and Yang, Shi-Ji and
	Jiang, Hao and Tang, Yan-Lin and others},
  title = {Direct and full-scale experimental verifications towards ground-satellite
	quantum key distribution},
  year = {2013},
  volume = {7},
  number = {5},
  pages = {387--393},
  file = {:/home/fea/Dokumente/Diplomarbeit/Bibliography/Papers/1210.7556.pdf:PDF},
  journal = {Nature Photonics},
  publisher = {Nature Publishing Group}
}

@ARTICLE{Wootters1998,
  author = {Wootters, William K.},
  title = {Entanglement of Formation of an Arbitrary State of Two Qubits},
  year = {1998},
  volume = {80},
  issue = {10},
  month = {Mar},
  pages = {2245--2248},
  doi = {10.1103/PhysRevLett.80.2245},
  url = {http://link.aps.org/doi/10.1103/PhysRevLett.80.2245},
  journal = {Phys. Rev. Lett.},
  numpages = {0},
  publisher = {American Physical Society}
}

@ARTICLE{Yung2011,
  author = {Yung, Man-Hong},
  title = {Spin star as a switch for quantum networks},
  year = {2011},
  volume = {44},
  number = {13},
  pages = {135504},
  file = {:/home/fea/Dokumente/Diplomarbeit/Bibliography/Papers/44_135504.pdf:PDF},
  journal = {Journal of Physics B: Atomic, Molecular and Optical Physics},
  publisher = {IOP Publishing}
}

@ARTICLE{Yung2006,
  author = {Yung, Man-Hong},
  title = {Quantum speed limit for perfect state transfer in one dimension},
  year = {2006},
  volume = {74},
  number = {3},
  pages = {030303},
  file = {:/home/fea/Dokumente/Diplomarbeit/Bibliography/Papers/PhysRevA.74.030303.pdf:PDF},
  journal = {Physical Review A},
  publisher = {APS}
}

@ARTICLE{Yung2005,
  author = {Yung, Man-Hong and Bose, Sougato},
  title = {Perfect state transfer, effective gates, and entanglement generation
	in engineered bosonic and fermionic networks},
  year = {2005},
  volume = {71},
  number = {3},
  pages = {032310},
  file = {:/home/fea/Dokumente/Diplomarbeit/Bibliography/Papers/PhysRevA.71.032310.pdf:PDF},
  journal = {Physical Review A},
  publisher = {APS}
}

